@online{Botpress,
  author  = {joke2k},
  title   = {Faker},
  year    = {2025},
  url     = {https://github.com/joke2k/faker},
  note    = {Fecha de consulta: 29 de abril de 2025},
}